<?xml version="1.0" encoding="UTF-8"?>
<record xmlns="http://www.loc.gov/MARC21/slim" xmlns:xsi="http://www.w3.org/2001/XMLSchema-instance" xsi:schemaLocation="http://www.loc.gov/MARC21/slim http://www.loc.gov/standards/marcxml/schema/MARC21slim.xsd">
<leader>     nam a22002417a 4500</leader>
<controlfield tag="001">001682754</controlfield>
<controlfield tag="003">NNU</controlfield>
<controlfield tag="005">19970417174525.6</controlfield>
<controlfield tag="008">961010m19301932ua       b    000 0 ara d</controlfield>
<datafield tag="035" ind1="9" ind2=" ">
<subfield code="a">NYUb12226171</subfield>
</datafield>
<datafield tag="035" ind1=" " ind2=" ">
<subfield code="a">(MH)MHBIU73030HU</subfield>
</datafield>
<datafield tag="035" ind1=" " ind2=" ">
<subfield code="a">(CStRLIN)MAHGBIU73030-B</subfield>
</datafield>
<datafield tag="040" ind1=" " ind2=" ">
<subfield code="a">MH</subfield>
<subfield code="c">MH</subfield>
<subfield code="d">CStRLIN</subfield>
</datafield>
<datafield tag="110" ind1="2" ind2=" ">
<subfield code="a">Matḥaf al-Qibṭī (Cairo, Egypt).</subfield>
</datafield>
<datafield tag="245" ind1="1" ind2="0">
<subfield code="a">Dalīl al-Matḥaf al-Qibṭī wa-ahamm al-kanāʼis wa-al-Adīrīyah al-atharīyah /</subfield>
<subfield code="c">bi-qalam Murqis Samīkah Bāshā.</subfield>
</datafield>
<datafield tag="260" ind1=" " ind2=" ">
<subfield code="a">al-Qāhirah :</subfield>
<subfield code="b">al-Maṭbaʻah al-Amīrīyah,</subfield>
<subfield code="c">1930-1932.</subfield>
</datafield>
<datafield tag="300" ind1=" " ind2=" ">
<subfield code="a">2 v. :</subfield>
<subfield code="b">ill.</subfield>
</datafield>
<datafield tag="504" ind1=" " ind2=" ">
<subfield code="a">Bibliography: v. 2, p. 275-284.</subfield>
</datafield>
<datafield tag="650" ind1=" " ind2="0">
<subfield code="a">Museums</subfield>
<subfield code="z">Egypt</subfield>
<subfield code="z">Cairo.</subfield>
</datafield>
<datafield tag="650" ind1=" " ind2="0">
<subfield code="a">Church buildings</subfield>
<subfield code="z">Egypt</subfield>
<subfield code="z">Cairo.</subfield>
</datafield>
<datafield tag="OWN" ind1=" " ind2=" ">
<subfield code="a">GENERAL</subfield>
</datafield>
<datafield tag="950" ind1=" " ind2=" ">
<subfield code="l">BMAIN</subfield>
<subfield code="a">N3825</subfield>
<subfield code="b">.A55</subfield>
</datafield>
<datafield tag="955" ind1=" " ind2=" ">
<subfield code="l">BMAIN</subfield>
<subfield code="c">1:v.1</subfield>
<subfield code="r">013443992</subfield>
</datafield>
<datafield tag="955" ind1=" " ind2=" ">
<subfield code="l">BMAIN</subfield>
<subfield code="c">2:v.2</subfield>
<subfield code="r">012315167</subfield>
</datafield>
<datafield tag="998" ind1=" " ind2=" ">
<subfield code="s">9555</subfield>
</datafield>
<datafield tag="AVA" ind1=" " ind2=" ">
<subfield code="a">NYU50</subfield>
<subfield code="b">BOBST</subfield>
<subfield code="c">Main Collection</subfield>
<subfield code="d">N3825 .A55</subfield>
<subfield code="e">unavailable</subfield>
<subfield code="t">Unavailable</subfield>
<subfield code="f">2</subfield>
<subfield code="g">2</subfield>
<subfield code="h">Y</subfield>
<subfield code="i">1</subfield>
<subfield code="j">MAIN</subfield>
<subfield code="k">0</subfield>
</datafield>
</record>
